@incollection{SAKA201325,
title = {2 - Analysis of Swarm Intelligence–Based Algorithms for Constrained Optimization},
editor = {Xin-She Yang and Zhihua Cui and Renbin Xiao and Amir Hossein Gandomi and Mehmet Karamanoglu},
booktitle = {Swarm Intelligence and Bio-Inspired Computation},
publisher = {Elsevier},
address = {Oxford},
pages = {25-48},
year = {2013},
isbn = {978-0-12-405163-8},
doi = {https://doi.org/10.1016/B978-0-12-405163-8.00002-8},
url = {https://www.sciencedirect.com/science/article/pii/B9780124051638000028},
author = {M.P. Saka and E. Doğan and Ibrahim Aydogdu},
keywords = {Swarm intelligence, particle swam optimizer, firefly algorithm, bat algorithm, ant colony algorithm, cuckoo search algorithm, artificial bee colony algorithm, glowworm algorithm},
}


